<?xml version="1.0" encoding="UTF-8"?><collection xmlns="http://www.loc.gov/MARC21/slim"><record><leader>00338nam--2200133-i-4500</leader><controlfield tag="001">000028056</controlfield><controlfield tag="002">20161230</controlfield><controlfield tag="005">20161230201037</controlfield><controlfield tag="008">060222s1000------------r-----000-0-eng-d</controlfield><datafield ind1=" " ind2=" " tag="080"><subfield code="a">519.682.1</subfield></datafield><datafield ind1=" " ind2=" " tag="100"><subfield code="a">Legrand, Jacky</subfield></datafield><datafield ind1=" " ind2=" " tag="245"><subfield code="a">Le langage prolog exemples en turbo prolog</subfield></datafield><datafield ind1=" " ind2=" " tag="260"><subfield code="a">Paris, Ed.Techniq, 1992, Xv + 303p</subfield></datafield><datafield ind1=" " ind2=" " tag="852"><subfield code="a">80519</subfield></datafield></record></collection>